<record><leader>00000cas a22000007a 4500</leader><controlfield tag="001">18116597</controlfield><controlfield tag="008">880621d19321933nduwr ne      0    0eng d</controlfield><datafield ind1=" " ind2=" " tag="010"><subfield code="a">sn 88076078 </subfield></datafield><datafield ind1=" " ind2=" " tag="040"><subfield code="a">NOP</subfield><subfield code="b">eng</subfield><subfield code="c">NOP</subfield><subfield code="d">OCLCQ</subfield></datafield><datafield ind1="0" ind2=" " tag="041"><subfield code="a">engger</subfield></datafield><datafield ind1=" " ind2=" " tag="042"><subfield code="a">msc</subfield></datafield><datafield ind1="0" ind2="0" tag="245"><subfield code="a">Logan County argus.</subfield></datafield><datafield ind1=" " ind2=" " tag="260"><subfield code="a">Napoleon, Logan County, N.D. :</subfield><subfield code="b">L.W. McQuary</subfield></datafield><datafield ind1=" " ind2=" " tag="300"><subfield code="a">1 v. :</subfield><subfield code="b">ill. ;</subfield><subfield code="c">56 cm.</subfield></datafield><datafield ind1=" " ind2=" " tag="310"><subfield code="a">Weekly</subfield></datafield><datafield ind1="0" ind2=" " tag="362"><subfield code="a">Oct. 28, 1932-v. 1, no. 45 (Aug. 18, 1933).</subfield></datafield><datafield ind1=" " ind2=" " tag="515"><subfield code="a">Numeric designation begins with Vol. 1, no. 43 (Aug. 4, 1933).</subfield></datafield><datafield ind1=" " ind2=" " tag="530"><subfield code="a">Available on microfilm from the State Historical Society of North Dakota.</subfield></datafield><datafield ind1=" " ind2=" " tag="546"><subfield code="a">In English and German.</subfield></datafield><datafield ind1=" " ind2=" " tag="752"><subfield code="a">United States</subfield><subfield code="b">North Dakota</subfield><subfield code="c">Logan</subfield><subfield code="d">Napoleon.</subfield></datafield></record>